<?xml version="1.0" encoding="UTF-8"?><collection xmlns="http://www.loc.gov/MARC21/slim"><record><leader>00795nam--2200181-i-4500</leader><controlfield tag="001">000013456</controlfield><controlfield tag="002">20161230</controlfield><controlfield tag="005">20161230201030</controlfield><controlfield tag="008">060222s1000------------r-----000-0-rum-d</controlfield><datafield ind1=" " ind2=" " tag="040"><subfield code="a">IFIN-HH</subfield></datafield><datafield ind1=" " ind2=" " tag="041"><subfield code="a">rum</subfield></datafield><datafield ind1=" " ind2=" " tag="080"><subfield code="a">621.039:621.311.2(076.1)</subfield></datafield><datafield ind1="1" ind2=" " tag="100"><subfield code="a">Danila, Nicolae</subfield></datafield><datafield ind1="1" ind2="0" tag="245"><subfield code="a">Centrale nucleare electrice</subfield><subfield code="b">Probleme. florin alexe, victor athanasovici, adrian badea, george chercea, adrian gheorghe, petre ghitescu, sergiu iliescu, cezar ionescu, anatol macris, dan mihoc, constantin mingiuc, virgil musatescu, abdulah nabijovici, mihai pop, constantin popescu, iLIE PESCARIU, NICOLAE STAN, NELU VASILESCU</subfield><subfield code="c">Nicolae danila (coordonator)</subfield></datafield><datafield ind1=" " ind2=" " tag="260"><subfield code="a">Bucuresti</subfield><subfield code="b">Editura Didactica Si Pedagogica</subfield><subfield code="c">1980</subfield></datafield><datafield ind1=" " ind2=" " tag="300"><subfield code="a">761 P</subfield></datafield><datafield ind1=" " ind2=" " tag="852"><subfield code="a">48691</subfield><subfield code="c">621.311</subfield></datafield><datafield ind1=" " ind2=" " tag="CAT"><subfield code="a">Sys</subfield><subfield code="c">20120510</subfield><subfield code="h">134824</subfield></datafield></record></collection>